
<record>
  <controlfield tag="001">672414</controlfield>
  <datafield tag="035" ind1=" " ind2=" ">
    <subfield code="a">Venanzoni:2004es</subfield>
    <subfield code="9">SPIRESTeX</subfield>
  </datafield>
  <datafield tag="245" ind1=" " ind2=" ">
    <subfield code="a">Measurement of $\sigma(e^+ e^- \to \pi^+ \pi^-$) using the radiative return with the KLOE detector</subfield>
  </datafield>
  <datafield tag="710" ind1=" " ind2=" ">
    <subfield code="g">KLOE</subfield>
  </datafield>
</record>